% Encoding: UTF-8

@Comment{jabref-meta: databaseType:bibtex;}

@Comment{jabref-meta: keypatterndefault:[auth:lower]_[veryshorttitle:lower]_[year];}
